% This file was created with JabRef 2.6.
% Encoding: UTF-8

@TECHREPORT{Arthur2006,
  author = {Arthur, D. and Vassilvitskii, S.},
  title = {K-Means++: The advantages of careful seeding},
  institution = {Stanford InfoLab},
  year = 2006,
  owner = {hans},
  timestamp = {2011.03.14}
}

@BOOK{Birge1997,
  title = {Introduction to stochastic programming},
  publisher = {Springer Verlag, New York},
  year = {1997},
  author = {Birge, John R. and Louveaux, Fran\c{c}ois V.},
  owner = {hans},
  timestamp = {2011.03.01}
}

@Article{Birge1997a,
  author = 	 {Birge, John R.},
  title = 	 {Stochastic programming computation and applications},
  journal = 	 {INFORMS Journal on Computing},
  year = 	 {1997},
  volume = 	 {9},
  number = 	 {2},
  pages = 	 {111-133},
}

@BOOK{Bishop2006,
  title = {Pattern recognition and machine learning},
  publisher = {Springer},
  year = {2006},
  author = {Bishop, Christopher M.},
  owner = {hans},
  timestamp = {2011.03.12}
}

@ARTICLE{Dempster1977,
  author = {Dempster, A. P. and Laird, N. M. and Rubin, D. B.},
  title = {Maximum likelihood from incomplete data via the EM algorithm},
  journal = {Journal of the Royal Statistical Society. Series B (Methodological)},
  year = {1977},
  volume = {39},
  pages = {pp. 1-38},
  number = {1},
  abstract = {A broadly applicable algorithm for computing maximum likelihood estimates
	from incomplete data is presented at various levels of generality.
	Theory showing the monotone behaviour of the likelihood and convergence
	of the algorithm is derived. Many examples are sketched, including
	missing value situations, applications to grouped, censored or truncated
	data, finite mixture models, variance component estimation, hyperparameter
	estimation, iteratively reweighted least squares and factor analysis.},
  copyright = {Copyright © 1977 Royal Statistical Society},
  issn = {00359246},
  jstor_articletype = {research-article},
  jstor_formatteddate = {1977},
  language = {English},
  publisher = {Blackwell Publishing for the Royal Statistical Society},
}

@ARTICLE{Deng2009,
  author = {Yuxin Deng and Wenjie Du},
  title = {The Kantorovich metric in computer science: A brief survey},
  journal = {Electronic Notes in Theoretical Computer Science},
  year = {2009},
  volume = {253},
  pages = {73 - 82},
  number = {3},
  note = {Proceedings of Seventh Workshop on Quantitative Aspects of Programming
	Languages (QAPL 2009)},
  abstract = {In contrast to its wealth of applications in mathematics, the Kantorovich
	metric started to be noticed in computer science only in recent years.
	We give a brief survey of its applications in probabilistic concurrency,
	image retrieval, data mining, and bioinformatics. This paper highlights
	the usefulness of the Kantorovich metric as a general mathematical
	tool for solving various kinds of problems in rather unrelated domains.},
  issn = {1571-0661},
  keywords = {Kantorovich metric},
  owner = {hans},
  timestamp = {2011.03.09},
}

@ARTICLE{Dupacova2003,
  author = {{Dupačová, J. and Gröwe-Kuska, N. and Römisch, W.}},
  title = {Scenario reduction in stochastic programming},
  journal = {Mathematical Programming},
  year = {2003},
  volume = {95},
  pages = {493-511},
  affiliation = {Charles University Prague, Department of Probability and Mathematical
	Statistics, 18675 Prague 8, Czech Republic, e-mail: dupacova@karlin.mff.cuni.cz
	CZ},
  issn = {0025-5610},
  issue = {3},
  keyword = {Mathematics and Statistics},
  owner = {hans},
  publisher = {Springer Berlin / Heidelberg},
  timestamp = {2011.03.01},
}

@INCOLLECTION{Heitsch2010,
  author = {Heitsch, H. and R\"{o}misch, W.},
  title = {Stability and scenario trees for multistage stochastic programs},
  booktitle = {Stochastic Programming: The State of the Art},
  publisher = {Springer},
  year = {2010},
  editor = {Infanger, Gerd},
  volume = {150},
  series = {International Series in Operations Research and Management Science},
  pages = {139-164},
  owner = {hans},
  timestamp = {2011.03.02}
}

@ARTICLE{Heitsch2009,
  author = {Heitsch, Holger and R\"{o}misch, Werner},
  title = {Scenario tree modeling for multistage stochastic programs},
  journal = {Math. Program.},
  year = {2009},
  volume = {118},
  pages = {371--406},
  month = {January},
  acmid = {1486615},
  address = {Secaucus, NJ, USA},
  issn = {0025-5610},
  issue = {2},
  numpages = {36},
  publisher = {Springer-Verlag New York, Inc.},
}

@ARTICLE{Heitsch2009a,
  author = {Heitsch, Holger and Römisch, Werner},
  title = {Scenario tree reduction for multistage stochastic programs},
  journal = {Computational Management Science},
  year = {2009},
  volume = {6},
  pages = {117-133},
  affiliation = {Humboldt-University Berlin Institute of Mathematics 10099 Berlin Germany},
  issn = {1619-697X},
  issue = {2},
  keyword = {Business and Economics},
  publisher = {Springer Berlin / Heidelberg},
}

@ARTICLE{Heitsch2003,
  author = {Heitsch, Holger and Römisch, Werner},
  title = {Scenario reduction algorithms in stochastic programming},
  journal = {Computational Optimization and Applications},
  year = {2003},
  volume = {24},
  pages = {187-206},
  issn = {0926-6003},
  issue = {2},
  keyword = {Computer Science},
  owner = {hans},
  publisher = {Springer Netherlands},
  timestamp = {2011.02.24},
}

@BOOK{Jongen2004,
  title = {Optimization theory},
  publisher = {Kluwer Academic Publishers},
  year = {2004},
  author = {Jongen, Hubertus Th. and Meer, Klaus and Triesch, Eberhard},
  owner = {hans},
  timestamp = {2011.03.09}
}

@INCOLLECTION{Kaufman1987,
  author = {Kaufman, L. and Rousseeuw, P.J.},
  title = {Clustering by means of medoids},
  booktitle = {Statistical Data Analysis Based on the L1-Norm and Related Methods},
  publisher = {North-Holland},
  year = {1987},
  owner = {hans},
  timestamp = {2011.03.14}
}

@ARTICLE{Pardalos1991,
  author = {Pardalos, Panos M. and Vavasis, Stephen A.},
  title = {Quadratic programming with one negative eigenvalue is NP-hard},
  journal = {Journal of Global Optimization},
  year = {1991},
  volume = {1},
  pages = {15-22},
  issn = {0925-5001},
  issue = {1},
  keyword = {Engineering},
  owner = {hans},
  publisher = {Springer Netherlands},
  timestamp = {2011.02.24},
}

@ARTICLE{Sahinidis2004,
  author = {Nikolaos V. Sahinidis},
  title = {Optimization under uncertainty: state-of-the-art and opportunities},
  journal = {Computers \& Chemical Engineering},
  year = {2004},
  volume = {28},
  pages = {971 - 983},
  number = {6-7},
  note = {FOCAPO 2003 Special issue},
  issn = {0098-1354},
  keywords = {Stochastic programming},
}

@ARTICLE{Shapiro2008,
  author = {Shapiro, Alexander},
  title = {Stochastic programming approach to optimization under uncertainty},
  journal = {Mathematical Programming},
  year = {2008},
  volume = {112},
  pages = {183-220},
  affiliation = {Georgia Institute of Technology School of Industrial and Systems Engineering
	Atlanta GA 30332-0205 USA},
  issn = {0025-5610},
  issue = {1},
  keyword = {Mathematics and Statistics},
  owner = {hans},
  publisher = {Springer Berlin / Heidelberg},
  timestamp = {2011.03.01},
}

@INCOLLECTION{Shapiro2005,
  author = {Shapiro, Alexander and Nemirovski, Arkadi},
  title = {On complexity of stochastic programming problems},
  booktitle = {Continuous Optimization},
  publisher = {Springer},
  year = 2005,
  editor = {Pardalos, Panos M. and Hearn, Donald and Jeyakumar, Vaithilingam
	and Rubinov, Alexander},
  volume = 99,
  series = {Applied Optimization},
  pages = {111-146},
  affiliation = {Georgia Institute of Technology Atlanta Georgia 30332-0205 USA},
  isbn = {978-0-387-26771-5},
  keyword = {Mathematics},
  owner = {hans},
  review = {This paper is notable for the statement that multistage stochastic
	programs are intractable in general.},
  timestamp = {2011.03.01},
}

@ARTICLE{Waechter2005,
  author = {Andreas W\"{a}chter and Lorenz T. Biegler},
  title = {Line search filter methods for nonlinear programming: Local convergence},
  journal = {SIAM Journal on Optimization},
  year = {2005},
  volume = {16},
  pages = {32-48},
  number = {1},
  keywords = {nonlinear programming; nonconvex constrained optimization; filter
	method; line search; local convergence; Maratos effect; second order
	correction},
  publisher = {SIAM},
}

@ARTICLE{IpoptImplementation2006,
  author = {Wächter, Andreas and Biegler, Lorenz T.},
  title = {On the implementation of an interior-point filter line-search algorithm
	for large-scale nonlinear programming},
  journal = {Mathematical Programming},
  year = {2006},
  volume = {106},
  pages = {25-57},
  affiliation = {IBM T.J. Watson Research Center P.O. Box 218 Yorktown Heights NY 10598
	USA P.O. Box 218 Yorktown Heights NY 10598 USA},
  issn = {0025-5610},
  issue = {1},
  keyword = {Mathematics and Statistics},
  owner = {hans},
  publisher = {Springer Berlin / Heidelberg},
  timestamp = {2011.03.01},
}

@Book{Elstrodt2007,
  author = 	 {Elstrodt, J\"{u}rgen },
  ALTeditor = 	 {},
  title = 	 {Ma\ss- und integrationstheorie},
  publisher = 	 {Springer},
  year = 	 {2007},
  OPTkey = 	 {},
  OPTvolume = 	 {},
  OPTnumber = 	 {},
  OPTseries = 	 {},
  OPTaddress = 	 {},
  OPTedition = 	 {5},
  OPTmonth = 	 {},
  OPTnote = 	 {},
  OPTannote = 	 {}
}

@Book{Bauer1991,
  author = 	 {Bauer, Heinz},
  ALTeditor = 	 {},
  title = 	 {Wahrscheinlichkeitstheorie},
  publisher = 	 {Walter de Gruyter},
  year = 	 {1991},
  OPTkey = 	 {},
  OPTvolume = 	 {},
  OPTnumber = 	 {},
  OPTseries = 	 {},
  OPTaddress = 	 {},
  OPTedition = 	 {4},
  OPTmonth = 	 {},
  OPTnote = 	 {},
  OPTannote = 	 {}
}

@Article{Casey2005,
  author = 	 {Casey, Michaes S. and Sen, Suvrajeet},
  title = 	 {The scenario generation algorithm for multistage stochastic linear programming},
  journal = 	 {Mathematics of Operations Research},
  year = 	 {2005},
  OPTkey = 	 {},
  OPTvolume = 	 {30},
  OPTnumber = 	 {3},
  OPTpages = 	 {615-631},
  OPTmonth = 	 {},
  OPTnote = 	 {},
  OPTannote = 	 {}
}

@Article{Kuhn2008,
  author = 	 {Kuhn, Daniel},
  title = 	 {Aggregation and discretization in multistage stochastic programming},
  journal = 	 {Mathematical Programming},
  year = 	 {2008},
  OPTkey = 	 {},
  OPTvolume = 	 {113},
  OPTnumber = 	 {1},
  OPTpages = 	 {61-94},
  OPTmonth = 	 {},
  OPTnote = 	 {},
  OPTannote = 	 {}
}


@Book{Diestel2005,
  author = 	 {Diestel, Reinhardt},
  title = 	 {Graph theory},
  publisher = 	 {Springer},
  year = 	 2005}


@Book{Nocedal1999,
  author = 	 {Nocedal, Jorge and Wright, Stephen J.},
  title = 	 {Numerical optimization},
  publisher = 	 {Springer},
  year = 	 {1999},
  OPTkey = 	 {},
  OPTvolume = 	 {},
  OPTnumber = 	 {},
  series = 	 {Springer Series in Operations Research},
  OPTaddress = 	 {},
  OPTedition = 	 {},
  OPTmonth = 	 {},
  OPTnote = 	 {},
  OPTannote = 	 {}
}


@Book{Vazirani2003,
  author = 	 {Vazirani, Vijay V. },
  title = 	 {Approximation algorithms},
  publisher = 	 {Springer},
  year = 	 2003,
  edition = 	 2}



@Book{Billingsley1995,
  author = 	 {Billingsley, Patrick},
  title = 	 {Probability and measure},
  publisher = 	 {Wiley},
  year = 	 1995,
  series = 	 {Wiley series in probability and mathematical statistics},
  edition = 	 3}




@Article{Pflug2001,
  author = 	 {Pflug, G. Ch.},
  title = 	 {Scenario Tree Generation for Multiperiod Financial Optimization by Optimal Discretization},
  journal = 	 {Mathematical Programming B},
  year = 	 {2001},
  OPTkey = 	 {},
  volume = 	 {89},
  number = 	 {2},
  pages = 	 {251-271},
  OPTmonth = 	 {},
  OPTnote = 	 {},
  OPTannote = 	 {}
}

@comment{jabref-meta: selector_publisher:}

@comment{jabref-meta: selector_author:}

@comment{jabref-meta: selector_journal:}

@comment{jabref-meta: selector_keywords:}

